%YAML 1.1
%TAG !u! tag:unity3d.com,2011:
--- !u!1001 &100100000
Prefab:
  m_ObjectHideFlags: 1
  serializedVersion: 2
  m_Modification:
    m_TransformParent: {fileID: 0}
    m_Modifications: []
    m_RemovedComponents: []
  m_SourcePrefab: {fileID: 0}
  m_RootGameObject: {fileID: 1064900904952040}
  m_IsPrefabAsset: 1
--- !u!1 &1064900904952040
GameObject:
  m_ObjectHideFlags: 0
  m_CorrespondingSourceObject: {fileID: 0}
  m_PrefabInternal: {fileID: 100100000}
  serializedVersion: 6
  m_Component:
  - component: {fileID: 4189507570941324}
  m_Layer: 0
  m_Name: DefaultMapHolder
  m_TagString: Untagged
  m_Icon: {fileID: 0}
  m_NavMeshLayer: 0
  m_StaticEditorFlags: 0
  m_IsActive: 1
--- !u!1 &1519204485228402
GameObject:
  m_ObjectHideFlags: 0
  m_CorrespondingSourceObject: {fileID: 0}
  m_PrefabInternal: {fileID: 100100000}
  serializedVersion: 6
  m_Component:
  - component: {fileID: 4553949834009934}
  - component: {fileID: 114739026397486426}
  - component: {fileID: 114341666058122158}
  m_Layer: 0
  m_Name: MapRoot
  m_TagString: Untagged
  m_Icon: {fileID: 0}
  m_NavMeshLayer: 0
  m_StaticEditorFlags: 0
  m_IsActive: 1
--- !u!4 &4189507570941324
Transform:
  m_ObjectHideFlags: 1
  m_CorrespondingSourceObject: {fileID: 0}
  m_PrefabInternal: {fileID: 100100000}
  m_GameObject: {fileID: 1064900904952040}
  m_LocalRotation: {x: -0, y: -0, z: -0, w: 1}
  m_LocalPosition: {x: 0, y: 0, z: 0}
  m_LocalScale: {x: 0.2, y: 0.2, z: 0.2}
  m_Children:
  - {fileID: 4553949834009934}
  m_Father: {fileID: 0}
  m_RootOrder: 0
  m_LocalEulerAnglesHint: {x: 0, y: 0, z: 0}
--- !u!4 &4553949834009934
Transform:
  m_ObjectHideFlags: 1
  m_CorrespondingSourceObject: {fileID: 0}
  m_PrefabInternal: {fileID: 100100000}
  m_GameObject: {fileID: 1519204485228402}
  m_LocalRotation: {x: 0, y: 0, z: 0, w: 1}
  m_LocalPosition: {x: 0, y: 0.001, z: 0}
  m_LocalScale: {x: 1, y: 1, z: 1}
  m_Children: []
  m_Father: {fileID: 4189507570941324}
  m_RootOrder: 0
  m_LocalEulerAnglesHint: {x: 0, y: 0, z: 0}
--- !u!114 &114341666058122158
MonoBehaviour:
  m_ObjectHideFlags: 1
  m_CorrespondingSourceObject: {fileID: 0}
  m_PrefabInternal: {fileID: 100100000}
  m_GameObject: {fileID: 1519204485228402}
  m_Enabled: 1
  m_EditorHideFlags: 0
  m_Script: {fileID: 11500000, guid: 96f0fa82f89d64bb9a6524c72d538179, type: 3}
  m_Name: 
  m_EditorClassIdentifier: 
  _map: {fileID: 114739026397486426}
--- !u!114 &114739026397486426
MonoBehaviour:
  m_ObjectHideFlags: 1
  m_CorrespondingSourceObject: {fileID: 0}
  m_PrefabInternal: {fileID: 100100000}
  m_GameObject: {fileID: 1519204485228402}
  m_Enabled: 1
  m_EditorHideFlags: 0
  m_Script: {fileID: 11500000, guid: cd961b1c9541a4cee99686069ecce852, type: 3}
  m_Name: 
  m_EditorClassIdentifier: 
  _initializeOnStart: 1
  _options:
    locationOptions:
      latitudeLongitude: 53.343864, -6.254518
      zoom: 16
    extentOptions:
      extentType: 1
      cameraBoundsOptions:
        camera: {fileID: 0}
        visibleBuffer: 0
        disposeBuffer: 0
        updateInterval: 0
      rangeAroundCenterOptions:
        west: 1
        north: 1
        east: 1
        south: 0
      rangeAroundTransformOptions:
        targetTransform: {fileID: 4189507570941324}
        visibleBuffer: 2
        disposeBuffer: 3
    placementOptions:
      placementType: 1
      snapMapToZero: 1
    scalingOptions:
      scalingType: 1
      unityTileSize: 1
    loadingTexture: {fileID: 2800000, guid: e2896a92727704803a9c422b043eae89, type: 3}
  _imagery:
    _layerProperty:
      sourceType: 1
      sourceOptions:
        isActive: 1
        layerSource:
          Name: Streets
          Id: mapbox://styles/mapbox/outdoors-v10
          Modified: 
          UserName: 
      rasterOptions:
        useRetina: 0
        useCompression: 0
        useMipMap: 0
  _terrain:
    _layerProperty:
      sourceType: 0
      sourceOptions:
        isActive: 1
        layerSource:
          Name: 
          Id: mapbox.terrain-rgb
          Modified: 
          UserName: 
      elevationLayerType: 1
      requiredOptions:
        baseMaterial: {fileID: 2100000, guid: b9f23e9bce724fa4daac57ecded470b8, type: 2}
        addCollider: 0
        exaggerationFactor: 1
      modificationOptions:
        sampleCount: 10
        useRelativeHeight: 0
        earthRadius: 1000
      unityLayerOptions:
        addToLayer: 0
        layerId: 0
      sideWallOptions:
        isActive: 0
        wallHeight: 10
        wallMaterial: {fileID: 0}
  _vectorData:
    _layerProperty:
      sourceType: 1
      sourceOptions:
        isActive: 1
        layerSource:
          Name: Mapbox Terrain
          Id: mapbox.mapbox-streets-v7
          Modified: 
          UserName: 
      useOptimizedStyle: 0
      optimizedStyle:
        Name: 
        Id: 
        Modified: 
        UserName: 
      performanceOptions:
        isEnabled: 1
        entityPerCoroutine: 20
      vectorSubLayers:
      - coreOptions:
          isActive: 1
          sublayerName: Buildings
          geometryType: 2
          layerName: building
          snapToTerrain: 1
          groupFeatures: 0
          lineWidth: 1
        filterOptions:
          filters: []
          combinerType: 0
        extrusionOptions:
          extrusionType: 1
          extrusionGeometryType: 0
          propertyName: height
          minimumHeight: 0
          maximumHeight: 0
        materialOptions:
          projectMapImagery: 0
          texturingType: 0
          materials:
          - Materials:
            - {fileID: 2100000, guid: 5cc6a7dc3df7cc84693bdde07669ab5b, type: 2}
          - Materials:
            - {fileID: 2100000, guid: 5cc6a7dc3df7cc84693bdde07669ab5b, type: 2}
          atlasInfo: {fileID: 0}
          colorPallete: {fileID: 0}
        buildingsWithUniqueIds: 0
        moveFeaturePositionTo: 0
        MeshModifiers: []
        GoModifiers: []
  _tileProvider: {fileID: 114704350507255520, guid: 3a41ee7f843dcba47bd4563d6aa4ff83,
    type: 2}
